@misc{gymnasium,
    title = {Basic Usage - Gymnasium Documentation},
    url = {https://gymnasium.farama.org/introduction/basic_usage/},
    day = 17,
    month = dec,
    year = 2024,
    author = {Farama}
}

@article{atari-1,
  title={Playing atari with deep reinforcement learning},
  author={Mnih, Volodymyr},
  journal={arXiv preprint arXiv:1312.5602},
  year={2013},
  url = {https://people.engr.tamu.edu/guni/csce642/files/dqn.pdf}
}

@misc{atari-2,
      title={Model-Based Reinforcement Learning for Atari}, 
      author={Lukasz Kaiser and Mohammad Babaeizadeh and Piotr Milos and Blazej Osinski and Roy H Campbell and Konrad Czechowski and Dumitru Erhan and Chelsea Finn and Piotr Kozakowski and Sergey Levine and Afroz Mohiuddin and Ryan Sepassi and George Tucker and Henryk Michalewski},
      year={2024},
      eprint={1903.00374},
      archivePrefix={arXiv},
      primaryClass={cs.LG},
      url={https://arxiv.org/abs/1903.00374}, 
}

@misc{proc-level,
      title={Illuminating Generalization in Deep Reinforcement Learning through Procedural Level Generation}, 
      author={Niels Justesen and Ruben Rodriguez Torrado and Philip Bontrager and Ahmed Khalifa and Julian Togelius and Sebastian Risi},
      year={2018},
      eprint={1806.10729},
      archivePrefix={arXiv},
      primaryClass={cs.LG},
      url={https://arxiv.org/abs/1806.10729}, 
}

@inproceedings{proc-race,
author = {Togelius, Julian and Lucas, Simon},
year = {2006},
month = jan,
pages = {1187 - 1194},
title = {Evolving robust and specialized car racing skills},
doi = {10.1109/CEC.2006.1688444}
}

@misc{atari-gpu,
      title={Accelerating Reinforcement Learning through GPU Atari Emulation}, 
      author={Steven Dalton and Iuri Frosio and Michael Garland},
      year={2020},
      eprint={1907.08467},
      archivePrefix={arXiv},
      primaryClass={cs.LG},
      url={https://arxiv.org/abs/1907.08467}, 
}

@misc{python,
    title = {The Python Tutorial — Python 3.13.1 documentation},
    url = {https://docs.python.org/3/tutorial/index.html},
    day = 17,
    month = dec,
    year = 2024,
    author = {{Python Software Foundation}}
}

@misc{pygame,
    title = {Pygame Front Page — pygame v2.6.0 documentation},
    url = {https://www.pygame.org/docs/},
    day = 16,
    month = aug,
    year = 2024,
    author = {{Pygame contributors}}
}

@misc{spritesheet,
    title = {DawnLike - 16x16 Universal Rogue-like tileset v1.81 | OpenGameArt.org},
    url = {https://opengameart.org/content/dawnlike-16x16-universal-rogue-like-tileset-v181},
    day = 29,
    month = jan,
    year = 2014,
    author = {DragonDePlatino and DawnBringer}
}
